<?xml version="1.0" encoding="UTF-8"?><collection xmlns="http://www.loc.gov/MARC21/slim"><record><leader>00329nam--2200121-i-4500</leader><controlfield tag="001">000003643</controlfield><controlfield tag="002">20161230</controlfield><controlfield tag="005">20161230201025</controlfield><controlfield tag="008">060222s1000------------r-----000-0-eng-d</controlfield><datafield ind1=" " ind2=" " tag="080"><subfield code="a">621.313:621.314</subfield></datafield><datafield ind1=" " ind2=" " tag="245"><subfield code="a">Curs general de masini electrice si transformatori</subfield></datafield><datafield ind1=" " ind2=" " tag="260"><subfield code="a">Bucuresti, Ed.Energetica De Stat, 1953-1954</subfield></datafield><datafield ind1=" " ind2=" " tag="852"><subfield code="a">3116</subfield></datafield></record></collection>